@book{anderson1991infectious,
  title={Infectious diseases of humans: dynamics and control},
  author={Anderson, Roy M and May, Robert M},
  year={1991},
  publisher={Oxford university press}
}

@article{diekmann1990definition,
  title={On the definition and the computation of the basic reproduction ratio $\mathcal{R}_0$ in models for infectious diseases in heterogeneous populations},
  author={Diekmann, Odo and Heesterbeek, Johan Andre Peter and Metz, Johan AJ},
  journal={Journal of mathematical biology},
  volume={28},
  number={4},
  pages={365--382},
  year={1990},
  publisher={Springer}
}

@book{ross1911prevention,
  title={The prevention of malaria},
  author={Ross, Ronald},
  year={1911},
  publisher={London: John Murray},
  pages={669}
}

@incollection{dhmKermack,
  title={{The legacy of Kermack and McKendrick}},
  booktitle={Epidemic Models, Their Structure and Relation to Data},
  editor={(D. Mollinson},
  author={O. Diekmann and H. Heesterbeek and H. Metz},
  year={1995},
  publisher={Cambridge University Press},
  pages={95-115}
}

@article{miller2012note,
  title={A note on the derivation of epidemic final sizes},
  author={Miller, Joel C},
  journal={Bulletin of mathematical biology},
  volume={74},
  number={9},
  pages={2125--2141},
  year={2012},
  publisher={Springer}
}

@article{ma2006generality,
  title={Generality of the final size formula for an epidemic of a newly invading infectious disease},
  author={Ma, Junling and Earn, David JD},
  journal={Bulletin of mathematical biology},
  volume={68},
  number={3},
  pages={679--702},
  year={2006},
  publisher={Springer}
}

@article{Champredon2018equivalence,
	Author = {Champredon, David and Dushoff, Jonathan and Earn, David J D},
	Journal = {SIAM Journal on Applied Mathematics},
	Pages = {3258--3278},
	Title = {{Equivalence of the Erlang-distributed SEIR epidemic model and the renewal equation}},
	Volume = {78},
	Year = {2018}
}

@article{champredon2015intrinsic,
  title={Intrinsic and realized generation intervals in infectious-disease transmission},
  author={Champredon, David and Dushoff, Jonathan},
  journal={Proceedings of the Royal Society of London B: Biological Sciences},
  volume={282},
  number={1821},
  year={2015},
  organization={The Royal Society}
}

@article{fraser2004factors,
  title={Factors that make an infectious disease outbreak controllable},
  author={Fraser, Christophe and Riley, Steven and Anderson, Roy M and Ferguson, Neil M},
  journal={Proceedings of the National Academy of Sciences},
  volume={101},
  number={16},
  pages={6146--6151},
  year={2004},
  publisher={National Acad Sciences}
}

@article{hollingsworth2008hiv,
  title={{HIV-1} transmission, by stage of infection},
  author={Hollingsworth, T D{\'e}irdre and Anderson, Roy M and Fraser, Christophe},
  journal={The Journal of infectious diseases},
  volume={198},
  number={5},
  pages={687--693},
  year={2008},
  publisher={The University of Chicago Press}
}

@article{babiker2000time,
  title={{Time from HIV-1 seroconversion to AIDS and death before widespread use of highly-active antiretroviral therapy: a collaborative re-analysis.}},
  author={{Collaborative Group on AIDS Incubation HIV Survival}},
  journal={Lancet},
  volume={355},
  number={9210},
  year={2000}
}

@article{barron2013eliminating,
  title={{Eliminating mother-to-child HIV transmission in South Africa}},
  author={Barron, Peter and Pillay, Yogan and Doherty, Tanya and Sherman, Gayle and Jackson, Debra and Bhardwaj, Sanjana and Robinson, Precious and Goga, Ameena},
  journal={Bulletin of the World Health Organization},
  volume={91},
  pages={70--74},
  year={2013},
  publisher={SciELO Public Health}
}

@article{hayes2006amplified,
  title={{Amplified HIV transmission during early-stage infection}},
  author={Hayes, Richard J and White, Richard G},
  journal={Journal of Infectious Diseases},
  volume={193},
  number={4},
  pages={604--605},
  year={2006},
  publisher={The University of Chicago Press}
}

@article{weller2002condom,
  title={Condom effectiveness in reducing heterosexual {HIV} transmission},
  author={Weller, Susan C and Davis-Beaty, Karen},
  journal={Cochrane database of systematic reviews},
  number={1},
  year={2002},
  publisher={John Wiley \& Sons, Ltd}
}


@article{britton2019estimation,
  title={Estimation in emerging epidemics: {Biases} and remedies},
  author={Britton, Tom and Scalia Tomba, Gianpaolo},
  journal={Journal of the Royal Society Interface},
  volume={16},
  number={150},
  pages={20180670},
  year={2019},
  publisher={The Royal Society}
}

@article{anderson1982directly,
  title={Directly transmitted infections diseases: control by vaccination},
  author={Anderson, Roy M and May, Robert M},
  journal={Science},
  volume={215},
  number={4536},
  pages={1053--1060},
  year={1982},
  publisher={American Association for the Advancement of Science}
}

@article{takahashi2015reduced,
  title={Reduced vaccination and the risk of measles and other childhood infections post-{Ebola}},
  author={Takahashi, Saki and Metcalf, C Jessica E and Ferrari, Matthew J and Moss, William J and Truelove, Shaun A and Tatem, Andrew J and Grenfell, Bryan T and Lessler, Justin},
  journal={Science},
  volume={347},
  number={6227},
  pages={1240--1242},
  year={2015},
  publisher={American Association for the Advancement of Science}
}

@article{wolfson2007has,
  title={Has the 2005 measles mortality reduction goal been achieved? {A} natural history modelling study},
  author={Wolfson, Lara J and Strebel, Peter M and Gacic-Dobo, Marta and Hoekstra, Edward J and McFarland, Jeffrey W and Hersh, Bradley S and Measles Initiative and others},
  journal={The Lancet},
  volume={369},
  number={9557},
  pages={191--200},
  year={2007},
  publisher={Elsevier}
}

@article{venczel2003measles,
  title={Measles eradication in the {Americas}: experience in {Haiti}},
  author={Venczel, Linda and Dobbins, James and Andr{\'e}, Jean and Laender, Fernando and Izurieta, H{\'e}ctor and Delorme, Patrick and Voltaire, Henri-Claude},
  journal={Journal of Infectious Diseases},
  volume={187},
  number={Supplement\_1},
  pages={S127--S132},
  year={2003},
  publisher={The University of Chicago Press}
}


@article{chowell2003sars,
  title={{SARS outbreaks in Ontario, Hong Kong and Singapore: the role of diagnosis and isolation as a control mechanism}},
  author={Chowell, Gerardo and Fenimore, Paul W and Castillo-Garsow, Melissa A and Castillo-Chavez, Carlos},
  journal={Journal of theoretical biology},
  volume={224},
  number={1},
  pages={1--8},
  year={2003},
  publisher={Elsevier}
}

@article{mills2004transmissibility,
  title={Transmissibility of 1918 pandemic influenza},
  author={Mills, Christina E and Robins, James M and Lipsitch, Marc},
  journal={Nature},
  volume={432},
  number={7019},
  pages={904},
  year={2004},
  publisher={Nature Publishing Group}
}

@article{nishiura2009transmission,
  title={{Transmission potential of the new influenza A (H1N1) virus and its age-specificity in Japan}},
  author={Nishiura, Hiroshi and Castillo-Chavez, Carlos and Safan, Muntaser and Chowell, Gerardo},
  journal={Eurosurveillance},
  volume={14},
  number={22},
  pages={19227},
  year={2009},
  publisher={European Centre for Disease Prevention and Control}
}

@article{nishiura2010pros,
  title={{Pros and cons of estimating the reproduction number from early epidemic growth rate of influenza A (H1N1) 2009}},
  author={Nishiura, Hiroshi and Chowell, Gerardo and Safan, Muntaser and Castillo-Chavez, Carlos},
  journal={Theoretical Biology and Medical Modelling},
  volume={7},
  number={1},
  pages={1},
  year={2010},
  publisher={BioMed Central}
}

@article{ma2014estimating,
  title={Estimating initial epidemic growth rates},
  author={Ma, Junling and Dushoff, Jonathan and Bolker, Benjamin M and Earn, David JD},
  journal={Bulletin of mathematical biology},
  volume={76},
  number={1},
  pages={245--260},
  year={2014},
  publisher={Springer}
}

@article{weitz2015modeling,
  title={Modeling post-death transmission of {Ebola}: challenges for inference and opportunities for control},
  author={Weitz, Joshua S and Dushoff, Jonathan},
  journal={Scientific reports},
  volume={5},
  pages={8751},
  year={2015},
  publisher={Nature Publishing Group}
}

@article{dietz1993estimation,
  title={The estimation of the basic reproduction number for infectious diseases},
  author={Dietz, Klaus},
  journal={Statistical methods in medical research},
  volume={2},
  number={1},
  pages={23--41},
  year={1993},
  publisher={Sage Publications Sage CA: Thousand Oaks, CA}
}

@article{pandey2014strategies,
  title={Strategies for containing {Ebola} in {West Africa}},
  author={Pandey, Abhishek and Atkins, Katherine E and Medlock, Jan and Wenzel, Natasha and Townsend, Jeffrey P and Childs, James E and Nyenswah, Tolbert G and Ndeffo-Mbah, Martial L and Galvani, Alison P},
  journal={Science},
  volume={346},
  number={6212},
  pages={991--995},
  year={2014},
  publisher={American Association for the Advancement of Science}
}

@article{park2019practical,
  title={A practical generation-interval-based approach to inferring the strength of epidemics from their speed},
  author={Park, Sang Woo and Champredon, David and Weitz, Joshua S and Dushoff, Jonathan},
  journal={Epidemics},
  year={2019},
  publisher={Elsevier}
}

@article{eaton2014proportion,
  title={Why the proportion of transmission during early-stage {HIV} infection does not predict the long-term impact of treatment on {HIV} incidence},
  author={Eaton, Jeffrey W and Hallett, Timothy B},
  journal={Proceedings of the national academy of sciences},
  volume={111},
  number={45},
  pages={16202--16207},
  year={2014},
  publisher={National Acad Sciences}
}

@article{arino2007final,
  title={A final size relation for epidemic models},
  author={Arino, Julien and Brauer, Fred and Van Den Driessche, P and Watmough, James and Wu, Jianhong},
  journal={Mathematical Biosciences and Engineering},
  volume={4},
  number={2},
  pages={159},
  year={2007},
  publisher={AMERICAN INSTITUTE OF MATHEMATICAL SCIENCES}
}

@article{andreasen2011final,
  title={The final size of an epidemic and its relation to the basic reproduction number},
  author={Andreasen, Viggo},
  journal={Bulletin of mathematical biology},
  volume={73},
  number={10},
  pages={2305--2321},
  year={2011},
  publisher={Springer}
}

@article{heesterbeek1996concept,
  title={The concept of {$\mathcal{R}_0$} in epidemic theory},
  author={Heesterbeek, JAP and Dietz, K},
  journal={Statistica Neerlandica},
  volume={50},
  number={1},
  pages={89--110},
  year={1996},
  publisher={Wiley Online Library}
}

@book{diekmann2000mathematical,
  title={Mathematical epidemiology of infectious diseases: model building, analysis and interpretation},
  author={Diekmann, Odo and Heesterbeek, Johan Andre Peter},
  volume={5},
  year={2000},
  publisher={John Wiley \& Sons}
}

@article{roberts2004modelling,
  title={Modelling strategies for minimizing the impact of an imported exotic infection},
  author={Roberts, MG},
  journal={Proceedings of the Royal Society of London B: Biological Sciences},
  volume={271},
  number={1555},
  pages={2411--2415},
  year={2004},
  publisher={The Royal Society}
}

@article{aldis2005integral,
  title={An integral equation model for the control of a smallpox outbreak},
  author={Aldis, GK and Roberts, MG},
  journal={Mathematical biosciences},
  volume={195},
  number={1},
  pages={1--22},
  year={2005},
  publisher={Elsevier}
}

@article{wallinga2007generation,
  title={How generation intervals shape the relationship between growth rates and reproductive numbers},
  author={Wallinga, Jacco and Lipsitch, Marc},
  journal={Proceedings of the Royal Society of London B: Biological Sciences},
  volume={274},
  number={1609},
  pages={599--604},
  year={2007},
  publisher={The Royal Society}
}

@article{roberts2007model,
  title={Model-consistent estimation of the basic reproduction number from the incidence of an emerging infection},
  author={Roberts, MG and Heesterbeek, JAP},
  journal={Journal of mathematical biology},
  volume={55},
  number={5-6},
  pages={803},
  year={2007},
  publisher={Springer}
}

@article{svensson2007note,
  title={A note on generation times in epidemic models},
  author={Svensson, {\AA}ke},
  journal={Mathematical biosciences},
  volume={208},
  number={1},
  pages={300--311},
  year={2007},
  publisher={Elsevier}
}

@article{brookmeyer1989censoring,
  title={Censoring in an epidemic with an application to hemophilia-associated {AIDS}},
  author={Brookmeyer, Ron and Goedert, James J},
  journal={Biometrics},
  pages={325--335},
  year={1989},
  publisher={JSTOR}
}

@article{nishiura2019estimating,
  title={Estimating the incidence and diagnosed proportion of {HIV} infections in Japan: a statistical modeling study},
  author={Nishiura, Hiroshi},
  journal={PeerJ},
  volume={7},
  pages={e6275},
  year={2019},
  publisher={PeerJ Inc.}
}

@article{nah2017test,
  title={Test-and-treat approach to {HIV/AIDS}: a primer for mathematical modeling},
  author={Nah, Kyeongah and Nishiura, Hiroshi and Tsuchiya, Naho and Sun, Xiaodan and Asai, Yusuke and Imamura, Akifumi},
  journal={Theoretical Biology and Medical Modelling},
  volume={14},
  number={1},
  pages={16},
  year={2017},
  publisher={BioMed Central}
}

@article{garnett2009treating,
  title={Treating our way out of the {HIV} pandemic: could we, would we, should we?},
  author={Garnett, Geoffrey P and Baggaley, Rebecca F},
  journal={The Lancet},
  volume={373},
  number={9657},
  pages={9--11},
  year={2009},
  publisher={Elsevier}
}

@article{althaus2014estimating,
  title={{Estimating the reproduction number of Ebola virus (EBOV) during the 2014 outbreak in West Africa}},
  author={Althaus, Christian L},
  journal={PLoS currents},
  volume={6},
  year={2014},
  publisher={Public Library of Science}
}

@article{gomes2014assessing,
  title={{Assessing the international spreading risk associated with the 2014 West African Ebola outbreak}},
  author={Gomes, Marcelo FC and y Piontti, Ana Pastore and Rossi, Luca and Chao, Dennis and Longini, Ira and Halloran, M Elizabeth and Vespignani, Alessandro},
  journal={PLoS currents},
  volume={6},
  year={2014},
  publisher={Public Library of Science}
}

@article{fisman2014early,
  title={{Early epidemic dynamics of the West African 2014 Ebola outbreak: estimates derived with a simple two-parameter model}},
  author={Fisman, David and Khoo, Edwin and Tuite, Ashleigh},
  journal={PLoS currents},
  volume={6},
  year={2014},
  publisher={Public Library of Science}
}

@article{towers2014temporal,
  title={{Temporal variations in the effective reproduction number of the 2014 West Africa Ebola outbreak}},
  author={Towers, Sherry and Patterson-Lomba, Oscar and Castillo-Chavez, Carlos},
  journal={PLoS currents},
  volume={6},
  year={2014},
  publisher={Public Library of Science}
}

@article{who2014ebola,
  title={{Ebola virus disease in West Africa—the first 9 months of the epidemic and forward projections}},
  author={WHO Ebola Response Team},
  journal={New England Journal of Medicine},
  volume={371},
  number={16},
  pages={1481--1495},
  year={2014},
  publisher={Mass Medical Soc}
}

@article{shaman2014inference,
  title={{Inference and forecast of the current West African Ebola outbreak in Guinea, Sierra Leone and Liberia}},
  author={Shaman, Jeffrey and Yang, Wan and Kandula, Sasikiran},
  journal={PLoS currents},
  volume={6},
  year={2014},
  publisher={Public Library of Science}
}

@article{pasztor1996r0,
  title={$R_0$ or r: a matter of taste?},
  author={Pasztor, L and Mesz{\'e}na, G and Kisdi, E},
  journal={Journal of Evolutionary Biology},
  volume={9},
  number={4},
  pages={511--516},
  year={1996},
  publisher={Wiley Online Library}
}

@article{bull2008invasion,
  title={Invasion thresholds and the evolution of nonequilibrium virulence},
  author={Bull, James J and Ebert, Dieter},
  journal={Evolutionary Applications},
  volume={1},
  number={1},
  pages={172--182},
  year={2008},
  publisher={Wiley Online Library}
}

@article{bolker2010transient,
  title={Transient virulence of emerging pathogens},
  author={Bolker, Benjamin M and Nanda, Arjun and Shah, Dharmini},
  journal={Journal of the Royal Society Interface},
  volume={7},
  number={46},
  pages={811--822},
  year={2010},
  publisher={The Royal Society}
}

@article{park2020reconciling,
author = {Park, Sang Woo  and Bolker, Benjamin M.  and Champredon, David  and Earn, David J. D.  and Li, Michael  and Weitz, Joshua S.  and Grenfell, Bryan T.  and Dushoff, Jonathan },
title = {Reconciling early-outbreak estimates of the basic reproductive number and its uncertainty: framework and applications to the novel coronavirus {(SARS-CoV-2}) outbreak},
journal = {Journal of The Royal Society Interface},
volume = {17},
number = {168},
pages = {20200144},
year = {2020},
doi = {10.1098/rsif.2020.0144},

URL = {https://royalsocietypublishing.org/doi/abs/10.1098/rsif.2020.0144},
eprint = {https://royalsocietypublishing.org/doi/pdf/10.1098/rsif.2020.0144}
,
    abstract = { A novel coronavirus (SARS-CoV-2) emerged as a global threat in December 2019. As the epidemic progresses, disease modellers continue to focus on estimating the basic reproductive number R0—the average number of secondary cases caused by a primary case in an otherwise susceptible population. The modelling approaches and resulting estimates of R0 during the beginning of the outbreak vary widely, despite relying on similar data sources. Here, we present a statistical framework for comparing and combining different estimates of R0 across a wide range of models by decomposing the basic reproductive number into three key quantities: the exponential growth rate, the mean generation interval and the generation-interval dispersion. We apply our framework to early estimates of R0 for the SARS-CoV-2 outbreak, showing that many R0 estimates are overly confident. Our results emphasize the importance of propagating uncertainties in all components of R0, including the shape of the generation-interval distribution, in efforts to estimate R0 at the outset of an epidemic. }
}

@article{mylius1995evolutionarily,
  title={On evolutionarily stable life histories, optimization and the need to be specific about density dependence},
  author={Mylius, Sido D and Diekmann, Odo},
  journal={Oikos},
  pages={218--224},
  year={1995},
  publisher={JSTOR}
}

@techreport{bedfordncov,
  title={{Genomic analysis of nCoV spread. Situation report 2020-01-23.}},
  author={Bedford, Trevor and Neher, Richard and Hadfield, James and Hodcroft, Emma and Ilcisin, Misja and M{\"u}ller, Nicola},
  year={2020},
  institution={Nextstrain},
  note={https://nextstrain.org/narratives/ncov/sit-rep/2020-01-23. Accessed 24, January, 2020.}
}

@techreport{imaincov,
  title={{Report 3: Transmissibility of 2019-nCoV}},
  author={Imai, Natsuok and Cori, Anne and Dorigatti, Ilaria and Baguelin, Marc and Donelly, Chirstl A. and Riley, Steven and Ferguson, Neil M.},
  year={2020},
  institution={Imperial College},
  note={https://www.imperial.ac.uk/media/imperial-college/medicine/sph/ide/gida-fellowships/Imperial-2019-nCoV-transmissibility.pdf. Accessed 26, January, 2020.}
}

@unpublished{riouncov,
  title={{Pattern of early human-to-human transmission of wuhan 2019-nCoV}},
  author={Riou, Julien and Althaus, Christian L},
  year={2020},
  note={https://www.biorxiv.org/content/10.1101/2020.01.23.917351v1. Accessed 26, January, 2020.}
}

@unpublished{readncov,
  title={{Novel coronavirus 2019-nCoV: early estimation of epidemiological parameters and
epidemic predictions}},
  author={Read, Jonathan M. and Bridgen, Jessica R.E. and Cummings, Derek A.T. and Ho, Antonia and Jewell, Chris P.},
  year={2020},
  note={https://www.medrxiv.org/content/10.1101/2020.01.23.20018549v1. Accessed 26, January, 2020.}
}

@unpublished{zhaoncov,
  title={{Preliminary estimation of the basic reproduction number of novel
coronavirus (2019-nCoV) in China, from 2019 to 2020: A data-driven
analysis in the early phase of the outbreak}},
  author={Zhao, Shi and Ran, Jinjun and Musa, Salihu S. and Yang, Gaungpu and Lou, Yijun and Gao, Daozhou and Yang, Lin and He, Daihai},
  year={2020},
  note={https://www.biorxiv.org/content/10.1101/2020.01.23.916395v1. Accessed 26, January, 2020.}
}

@unpublished{majumderncov,
  title={Early Transmissibility Assessment of a Novel Coronavirus in {Wuhan, China}},
  author={Majumder, Maimuna and Mandl, Kenneth D.},
  year={2020},
  note={https://papers.ssrn.com/sol3/papers.cfm?abstract\_id=3524675. Accessed 27, January, 2020.}
}

@unpublished{liuncov,
  title={{Transmission dynamics of 2019 novel coronavirus (2019-nCoV)}},
  author={Liu, Tao and Hu, Jianxiong and Kang, Min and Lin, Lifeng and Zhong, Haojie and Xiao, Jianpeng and He, Guanhao and Song, Tie and Huang, Qiong and Rong, Zuhua and Deng, Aiping and Zeng, Weilin and Tan, Xiaohua and Zeng, Siqing and Zhu, Zhihua and Li, Jiansen and Wan, Donghua and Lu, Jing and Deng, Huihong and He, Jianfeng and Ma, Wenjun},
  year={2020},
  note={https://www.biorxiv.org/content/10.1101/2020.01.25.919787v1. Accessed 27, January, 2020.}
}

@article{taylor2016stochasticity,
  title={{Stochasticity and the limits to confidence when estimating R0 of Ebola and other emerging infectious diseases}},
  author={Taylor, Bradford P and Dushoff, Jonathan and Weitz, Joshua S},
  journal={Journal of theoretical biology},
  volume={408},
  pages={145--154},
  year={2016},
  publisher={Elsevier}
}

@article{anderson1985vaccination,
  title={Vaccination and herd immunity to infectious diseases},
  author={Anderson, Roy M and May, Robert M},
  journal={Nature},
  volume={318},
  number={6044},
  pages={323--329},
  year={1985},
  publisher={Nature Publishing Group}
}

@article{granich2009universal,
  title={{Universal voluntary HIV testing with immediate antiretroviral therapy as a strategy for elimination of HIV transmission: a mathematical model}},
  author={Granich, Reuben M and Gilks, Charles F and Dye, Christopher and De Cock, Kevin M and Williams, Brian G},
  journal={The Lancet},
  volume={373},
  number={9657},
  pages={48--57},
  year={2009},
  publisher={Elsevier}
}

@article{shah2018mumps,
  title={{Mumps outbreak in a highly vaccinated university-affiliated setting before and after a measles-mumps-rubella vaccination campaign—Iowa, July 2015--May 2016}},
  author={Shah, Minesh and Quinlisk, Patricia and Weigel, Andrew and Riley, Jacob and James, Lisa and Patterson, James and Hickman, Carole and Rota, Paul A and Stewart, Rebekah and Clemmons, Nakia and others},
  journal={Clinical Infectious Diseases},
  volume={66},
  number={1},
  pages={81--88},
  year={2018},
  publisher={Oxford University Press US}
}

@article{hellewell2020feasibility,
  title={{Feasibility of controlling COVID-19 outbreaks by isolation of cases and contacts}},
  author={Hellewell, Joel and Abbott, Sam and Gimma, Amy and Bosse, Nikos I and Jarvis, Christopher I and Russell, Timothy W and Munday, James D and Kucharski, Adam J and Edmunds, W John and Sun, Fiona and others},
  journal={The Lancet Global Health},
  year={2020},
  publisher={Elsevier}
}

@article{ferretti2020quantifying,
  title={Quantifying {SARS-CoV-2} transmission suggests epidemic control with digital contact tracing},
  author={Ferretti, Luca and Wymant, Chris and Kendall, Michelle and Zhao, Lele and Nurtay, Anel and Abeler-D{\"o}rner, Lucie and Parker, Michael and Bonsall, David and Fraser, Christophe},
  journal={Science},
  volume={368},
  number={6491},
  year={2020},
  publisher={American Association for the Advancement of Science}
}

@article{powers2014impact,
  title={Impact of early-stage {HIV} transmission on treatment as prevention},
  author={Powers, Kimberly A and Kretzschmar, Mirjam E and Miller, William C and Cohen, Myron S},
  journal={Proceedings of the National Academy of Sciences},
  volume={111},
  number={45},
  pages={15867--15868},
  year={2014},
  publisher={National Acad Sciences}
}

@article{Pianka70,
  title={On r and K selection},
  author={Pianka, ER},
  journal={Am. Nat.},
  volume={104},
  pages={592--597},
  year={1970},
  publisher={National Acad Sciences}
}

@article{he2020temporal,
  title={Temporal dynamics in viral shedding and transmissibility of {COVID-19}},
  author={He, Xi and Lau, Eric HY and Wu, Peng and Deng, Xilong and Wang, Jian and Hao, Xinxin and Lau, Yiu Chung and Wong, Jessica Y and Guan, Yujuan and Tan, Xinghua and others},
  journal={Nature medicine},
  volume={26},
  number={5},
  pages={672--675},
  year={2020},
  publisher={Nature Publishing Group}
}


@article{kucharski2020contact,
	Annote = {doi: 10.1016/S1473-3099(20)30457-6},
	Author = {Kucharski, Adam J and Klepac, Petra and Conlan, Andrew J K and Kissler, Stephen M and Tang, Maria L and Fry, Hannah and Gog, Julia R and Edmunds, W John and Emery, Jon C and Medley, Graham and Munday, James D and Russell, Timothy W and Leclerc, Quentin J and Diamond, Charlie and Procter, Simon R and Gimma, Amy and Sun, Fiona Yueqian and Gibbs, Hamish P and Rosello, Alicia and van Zandvoort, Kevin and Hu{\'e}, St{\'e}phane and Meakin, Sophie R and Deol, Arminder K and Knight, Gwen and Jombart, Thibaut and Foss, Anna M and Bosse, Nikos I and Atkins, Katherine E and Quilty, Billy J and Lowe, Rachel and Prem, Kiesha and Flasche, Stefan and Pearson, Carl A B and Houben, Rein M G J and Nightingale, Emily S and Endo, Akira and Tully, Damien C and Liu, Yang and Villabona-Arenas, Julian and O'Reilly, Kathleen and Funk, Sebastian and Eggo, Rosalind M and Jit, Mark and Rees, Eleanor M and Hellewell, Joel and Clifford, Samuel and Jarvis, Christopher I and Abbott, Sam and Auzenbergs, Megan and Davies, Nicholas G and Simons, David},
	Booktitle = {The Lancet Infectious Diseases},
	Date = {2020/10/01},
	Date-Added = {2020-10-15 00:57:21 -0400},
	Date-Modified = {2020-10-15 00:57:21 -0400},
	Doi = {10.1016/S1473-3099(20)30457-6},
	Isbn = {1473-3099},
	Journal = {The Lancet Infectious Diseases},
	M3 = {doi: 10.1016/S1473-3099(20)30457-6},
	Month = {2020/10/14},
	Number = {10},
	Pages = {1151--1160},
	Publisher = {Elsevier},
	Title = {Effectiveness of isolation, testing, contact tracing, and physical distancing on reducing transmission of {SARS-CoV-2} in different settings: a mathematical modelling study},
	Ty = {JOUR},
	Url = {https://doi.org/10.1016/S1473-3099(20)30457-6},
	Volume = {20},
	Year = {2020},
	Year1 = {2020},
	Bdsk-Url-1 = {https://doi.org/10.1016/S1473-3099(20)30457-6}}

@article{kretzschmar2020impact,
  title={Impact of delays on effectiveness of contact tracing strategies for {COVID-19}: a modelling study},
  author={Kretzschmar, Mirjam E and Rozhnova, Ganna and Bootsma, Martin CJ and van Boven, Michiel and van de Wijgert, Janneke HHM and Bonten, Marc JM},
  journal={The Lancet Public Health},
  volume={5},
  number={8},
  pages={e452--e459},
  year={2020},
  publisher={Elsevier}
}
